@ARTICLE{Autor,
  author = {Author},
  title = {Title},
  journal = {Journal},
  year = {2001},
  volume = {10},
  pages = {1-2},
  number = {2},
  bibsource = {DBLP, http://dblp.uni-trier.de},
  ee = {http://dx.doi.org/10.1109/83.902291},
  url = {http://dx.doi.org/10.1109/83.902291}
}

