@misc{gr-isdbt-tx,
	author = {Hernandez, Javier and Castro, Santiago},
	title = {gr-isdbt-tx},
	year = {2018},
	howpublished = "\url{https://github.com/jhernandezbaraibar/gr-isdbt-Tx}",
	note = "[Web; accedido el 04-12-2018]"
}


@misc{norma,
	author = {ARIB},
	title = {{Transmission System for Digital Terrestrial Television Broadcasting}},
	year = {2001},
	howpublished = "\url{https://www.arib.or.jp/english/html/overview/doc/6-STD-B31v1\_6-E2.pdf}"
}


@misc{winCom16,
	title={An open and free {ISDB-T} full seg receiver implemented in {GNU Radio}},
	author={Larroca, Federico and
	Flores-Guridi, Pablo and
	Gómez, Gabriel and
	González Barbone, Víctor and
	Belzarena, Pablo},
	howpublished = "\url{https://iie.fing.edu.uy/publicaciones/2016/LFGGB16/LFGGB16.pdf}",
	year={2016}
}


@misc{gr-isdbt,
	author={Flores-Guridi, Pablo,},
	title={La norma {ISDBT} y un receptor implementado en {SDR}},
	howpublished = "\url{https://iie.fing.edu.uy/investigacion/grupos/artes/wp-content/uploads/sites/13/2017/04/tesis\_MSc\_pflores-corregida2-acta.pdf}",
	year={2016}
}

@article{chang-ofdm,
  title={Synthesis of band-limited orthogonal signals for multichannel data transmission},
  author={Chang, Robert W},
  journal={Bell System Technical Journal},
  volume={45},
  number={10},
  pages={1775--1796},
  year={1966},
  publisher={Wiley Online Library}
}


@article{discrete-ofdm,
  title={Data transmission by frequency-division multiplexing using the discrete {Fourier} transform},
  author={Weinstein, S and Ebert, Paul},
  journal={IEEE transactions on Communication Technology},
  volume={19},
  number={5},
  pages={628--634},
  year={1971},
  publisher={IEEE}
}


@article{moon2005error,
  title={Error correction coding},
  author={Moon, Todd K},
  journal={Mathematical Methods and Algorithms. Jhon Wiley and Son},
  year={2005}
}

@misc{MPEG,
	author = {MPEG},
	title = {Moving {Picture} {Experts} {Group}},
	year = {1995},
	howpublished = "\url{https://mpeg.chiariglione.org/}",
	note = "[Web; accedido el 06-11-2018]"
}

@misc{mpeg4_10,
	author = {MPEG},
	title = {{MPEG} 4 part 10},
	year = {2009},
	howpublished = "\url{https://www.iso.org/standard/52974.html}",
	note = "[Web; accedido el 5-10-2018]"
}

@misc{mpeg2_1,
	author = {MPEG},
	title = {{MPEG} 2 part 1},
	year = {2010},
	howpublished = "\url{https://www.iso.org/standard/55688.html}",
	note = "[Web; accedido el 5-10-2018]"
}


@inproceedings{multiplex-pattern,
  title={The {ISDB-T} multiplex frame pattern explained},
  author={Flores-Guridi, Pablo and Larroca, Federico},
  booktitle={URUCON, 2017 IEEE},
  pages={1--4},
  year={2017},
  organization={IEEE}
}


@article{forney1965concatenated,
	title={Concatenated codes.},
	author={Forney, G David},
	year={1965}
}

@article{van1997ml,
	title={{ML} estimation of time and frequency offset in {OFDM} systems},
	author={Van de Beek, Jan-Jaap and Sandell, Magnus and Borjesson, Per Ola},
	journal={IEEE transactions on signal processing},
	volume={45},
	number={7},
	pages={1800--1805},
	year={1997},
	publisher={IEEE}
}

@inproceedings{mitola_SDR,
  title={Software defined radios: a technical challenge and a migration strategy},
  author={Margulies, Allan S and Mitola, Joseph},
  booktitle={Spread Spectrum Techniques and Applications, 1998. Proceedings., 1998 IEEE 5th International Symposium on},
  volume={2},
  pages={551--556},
  year={1998},
  organization={IEEE}
}


@misc{GNURadio,
	author = {GNU Radio},
	title = {{GNU} {Radio} {Software}},
	year = {2016},
	howpublished = "\url{https://www.gnuradio.org/}",
	note = "[Web; accedido el 01-10-2018]"
}

@misc{EttusResearch,
	author = {Ettus Research},
	year = {2010},
	howpublished = "\url{https://www.ettus.com/}",
	note = "[Web; accedido el 01-10-2018]"
}

@misc{GreatScottGadgets,
	author = {Great Scott Gadgets},
	year = {2018},
	howpublished = "\url{https://greatscottgadgets.com}",
	note = "[Web; accedido el 01-10-2018]"
}


@misc{b100,
	author = {Ettus Research},
	year = {2010},
	howpublished = "\url{https://kb.ettus.com/B100}",
	note = "[Web; accedido el 01-10-2018]"
}

@misc{UHD,
	author = {Ettus Research},
	title = {The {USRP}? {Hardware} {Driver} {Repository}},
	year = {2018},
	howpublished = "\url{https://github.com/EttusResearch/uhd}",
	note = "[Web; accedido el 24-11-2018]"
}

@misc{gr-dvb,
	author = {Git User BogdanDIA},
	title = {{DVB-T} implementation in {GNU Radio}},
	year = {2015},
	howpublished = "\url{https://github.com/BogdanDIA/gr-dvbt}",
	note = "[Web; accedido el 06-11-2018]"
}

@misc{Rohde,
	author = {Rohde \& Schwarz},
	title={{R \& S} {ETH} {Handheld} {TV} {Analyzer}},
	year = {2018},
	howpublished = "\url{https://www.rohde-schwarz.com/fi/product/eth-productstartpage\_63493-10186.html}",
	note = "[Web; accedido el 8-10-2018]"
}

@misc{ursec,
	author = {URSEC},
	title = {Unidad Reguladora de Servicios de Comunicaciones},
	year = {2018},
	howpublished = "\url{https://www.ursec.gub.uy}",
	note = "[Web; accedido el 04-12-2018]"
}
